@article{moore2012selling,
  title={Selling to both sides: The effects of major conventional weapons transfers on civil war severity and duration},
  author={Moore, Matthew},
  journal={International Interactions},
  volume={38},
  number={3},
  pages={325--347},
  year={2012},
  publisher={Taylor \& Francis}
}